<?xml version="1.0" encoding="UTF-8"?>
<collection xmlns:xsi="http://www.w3.org/2001/XMLSchema-instance" xsi:schemaLocation="http://www.loc.gov/MARC21/slim http://www.loc.gov/standards/marcxml/schema/MARC21slim.xsd" xmlns="http://www.loc.gov/MARC21/slim">
<record>
  <leader>00869mam a2200229 a 4500</leader>
  <controlfield tag="001">899615</controlfield>
  <controlfield tag="003">NNC</controlfield>
  <controlfield tag="005">20150218134804.0</controlfield>
  <controlfield tag="008">930914s1952    ir       b    000 0 ara d</controlfield>
  <datafield tag="035" ind1=" " ind2=" ">
    <subfield code="a">(OCoLC)43617263</subfield>
  </datafield>
  <datafield tag="035" ind1=" " ind2=" ">
    <subfield code="a">(OCoLC)ocm43617263</subfield>
  </datafield>
  <datafield tag="035" ind1=" " ind2=" ">
    <subfield code="9">AEX6426CU</subfield>
  </datafield>
  <datafield tag="035" ind1=" " ind2=" ">
    <subfield code="a">(NNC)899615</subfield>
  </datafield>
  <datafield tag="040" ind1=" " ind2=" ">
    <subfield code="a">NNU</subfield>
    <subfield code="c">NNU</subfield>
  </datafield>
  <datafield tag="090" ind1=" " ind2=" ">
    <subfield code="a">BP136.8</subfield>
    <subfield code="b">.S65 1960z</subfield>
  </datafield>
  <datafield tag="100" ind1="1" ind2=" ">
    <subfield code="a">Shubbar, ʻAbd Allāh ibn Muḥammad Riḍā,</subfield>
    <subfield code="d">1774 or 1775-1826 or 1827.</subfield>
  </datafield>
  <datafield tag="245" ind1="1" ind2="0">
    <subfield code="a">Maṣābīḥ al-anwār fī ḥall mushkilāt al-akhbār /</subfield>
    <subfield code="c">li-ʻAbd Allāh Shubbar ; taṣaddá li-taḥqīqihi wa-al-taʻlīq ʻalayhi ʻAlī Muḥammad ʻAlī Ḥusayn.</subfield>
  </datafield>
  <datafield tag="260" ind1=" " ind2=" ">
    <subfield code="a">Qum [Iran] :</subfield>
    <subfield code="b">Kitābfurūshī-i Baṣīratī,</subfield>
    <subfield code="c">1952</subfield>
  </datafield>
  <datafield tag="300" ind1=" " ind2=" ">
    <subfield code="a">2 v. ;</subfield>
    <subfield code="c">25 cm.</subfield>
  </datafield>
  <datafield tag="504" ind1=" " ind2=" ">
    <subfield code="a">Includes bibliographical references.</subfield>
  </datafield>
  <datafield tag="650" ind1=" " ind2="0">
    <subfield code="a">Hadith</subfield>
    <subfield code="x">Criticism, interpretation, etc.</subfield>
  </datafield>
  <datafield tag="700" ind1="1" ind2=" ">
    <subfield code="a">Shubbar, ʻAlī.</subfield>
  </datafield>
  <datafield tag="955" ind1=" " ind2=" ">
    <subfield code="b">0055319378</subfield>
    <subfield code="d">glx</subfield>
    <subfield code="e">BP136.8 .S65 1960g</subfield>
    <subfield code="v">v.2</subfield>
  </datafield>
</record>
</collection>